<?xml version="1.0" encoding="UTF-8"?>
  <record xmlns="http://www.loc.gov/MARC21/slim" type="Authority">
    <leader>00000nz  a2200000nc 4500</leader>
    <controlfield tag="001">131804561</controlfield>
    <controlfield tag="003">DE-101</controlfield>
    <controlfield tag="005">20180926003424.0</controlfield>
    <controlfield tag="008">060703n||aznnnaabn           | aaa    |c</controlfield>
    <datafield tag="024" ind1="7" ind2=" ">
      <subfield code="a">131804561</subfield>
      <subfield code="0">http://d-nb.info/gnd/131804561</subfield>
      <subfield code="2">gnd</subfield>
    </datafield>
    <datafield tag="035" ind1=" " ind2=" ">
      <subfield code="a">(DE-101)131804561</subfield>
    </datafield>
    <datafield tag="035" ind1=" " ind2=" ">
      <subfield code="a">(DE-588)131804561</subfield>
    </datafield>
    <datafield tag="035" ind1=" " ind2=" ">
      <subfield code="z">(DE-588)115884400X</subfield>
    </datafield>
    <datafield tag="035" ind1=" " ind2=" ">
      <subfield code="z">(DE-588a)131804561</subfield>
      <subfield code="9">v:zg</subfield>
    </datafield>
    <datafield tag="035" ind1=" " ind2=" ">
      <subfield code="z">(DE-588a)102842787</subfield>
    </datafield>
    <datafield tag="040" ind1=" " ind2=" ">
      <subfield code="a">DE-23</subfield>
      <subfield code="c">DE-23</subfield>
      <subfield code="9">r:DE-601</subfield>
      <subfield code="b">ger</subfield>
      <subfield code="d">9999</subfield>
    </datafield>
    <datafield tag="042" ind1=" " ind2=" ">
      <subfield code="a">gnd1</subfield>
    </datafield>
    <datafield tag="043" ind1=" " ind2=" ">
      <subfield code="c">XA-FR</subfield>
    </datafield>
    <datafield tag="075" ind1=" " ind2=" ">
      <subfield code="b">p</subfield>
      <subfield code="2">gndgen</subfield>
    </datafield>
    <datafield tag="075" ind1=" " ind2=" ">
      <subfield code="b">piz</subfield>
      <subfield code="2">gndspec</subfield>
    </datafield>
    <datafield tag="079" ind1=" " ind2=" ">
      <subfield code="a">g</subfield>
      <subfield code="q">a</subfield>
      <subfield code="q">f</subfield>
      <subfield code="u">v</subfield>
    </datafield>
    <datafield tag="100" ind1="1" ind2=" ">
      <subfield code="a">Conti, Louise-Marguerite de Lorraine &#152;de&#156;</subfield>
      <subfield code="d">1574-1631</subfield>
    </datafield>
    <datafield tag="375" ind1=" " ind2=" ">
      <subfield code="a">2</subfield>
      <subfield code="2">iso5218</subfield>
    </datafield>
    <datafield tag="400" ind1="1" ind2=" ">
      <subfield code="a">Conti, Louise Marguerite de Lorraine</subfield>
      <subfield code="c">princesse de</subfield>
      <subfield code="d">1574-1631</subfield>
    </datafield>
    <datafield tag="400" ind1="1" ind2=" ">
      <subfield code="a">Conti, Louise Marguerite de Lorraine &#152;de&#156;</subfield>
      <subfield code="d">1574-1631</subfield>
    </datafield>
    <datafield tag="400" ind1="1" ind2=" ">
      <subfield code="a">Conti, Louise-Marguerite de Lorraine</subfield>
      <subfield code="d">1574-1631</subfield>
    </datafield>
    <datafield tag="400" ind1="1" ind2=" ">
      <subfield code="a">Conti, Louise Marguerite de Lorraine</subfield>
      <subfield code="d">1574-1631</subfield>
    </datafield>
    <datafield tag="400" ind1="1" ind2=" ">
      <subfield code="a">Conti, Louise-Marguerite &#152;de&#156;</subfield>
      <subfield code="d">1574-1631</subfield>
    </datafield>
    <datafield tag="400" ind1="1" ind2=" ">
      <subfield code="a">Conti, Louise Marguerite &#152;de&#156;</subfield>
      <subfield code="d">1574-1631</subfield>
    </datafield>
    <datafield tag="400" ind1="0" ind2=" ">
      <subfield code="a">Loyse</subfield>
      <subfield code="c">de Lorraine, Princesse</subfield>
      <subfield code="d">1574-1631</subfield>
    </datafield>
    <datafield tag="400" ind1="0" ind2=" ">
      <subfield code="a">Louise</subfield>
      <subfield code="c">de Lorraine</subfield>
      <subfield code="d">1574-1631</subfield>
    </datafield>
    <datafield tag="400" ind1="0" ind2=" ">
      <subfield code="a">Louise Marguerite</subfield>
      <subfield code="c">de Lorraine</subfield>
      <subfield code="d">1574-1631</subfield>
    </datafield>
    <datafield tag="400" ind1="1" ind2=" ">
      <subfield code="a">Guise, Louise-Marguerite de Lorraine</subfield>
      <subfield code="d">1574-1631</subfield>
    </datafield>
    <datafield tag="400" ind1="1" ind2=" ">
      <subfield code="a">Lorraine de Conti, Louise-Marguerite &#152;de&#156;</subfield>
      <subfield code="d">1574-1631</subfield>
    </datafield>
    <datafield tag="400" ind1="1" ind2=" ">
      <subfield code="a">Lorraine de Conti, Louise Marguerite &#152;de&#156;</subfield>
      <subfield code="d">1574-1631</subfield>
    </datafield>
    <datafield tag="400" ind1="1" ind2=" ">
      <subfield code="a">Lorraine de Guise, Louise-Marguerite &#152;de&#156;</subfield>
      <subfield code="d">1574-1631</subfield>
    </datafield>
    <datafield tag="400" ind1="1" ind2=" ">
      <subfield code="a">Guise, ... &#152;de&#156;</subfield>
      <subfield code="d">1574-1631</subfield>
    </datafield>
    <datafield tag="400" ind1="1" ind2=" ">
      <subfield code="a">Guise, ... &#152;de&#156;</subfield>
      <subfield code="c">Mademoiselle</subfield>
      <subfield code="d">1574-1631</subfield>
    </datafield>
    <datafield tag="400" ind1="1" ind2=" ">
      <subfield code="a">Guise, Louise Marguerite de Lorraine</subfield>
      <subfield code="c">1574-1631</subfield>
      <subfield code="d">1574-1631</subfield>
    </datafield>
    <datafield tag="400" ind1="1" ind2=" ">
      <subfield code="a">Conty, Luise &#152;de&#156;</subfield>
      <subfield code="d">1574-1631</subfield>
    </datafield>
    <datafield tag="400" ind1="1" ind2=" ">
      <subfield code="a">Lorraine, Loyse &#152;de&#156;</subfield>
      <subfield code="d">1574-1631</subfield>
    </datafield>
    <datafield tag="400" ind1="1" ind2=" ">
      <subfield code="a">Lorraine, Louise &#152;de&#156;</subfield>
      <subfield code="d">1574-1631</subfield>
    </datafield>
    <datafield tag="400" ind1="0" ind2=" ">
      <subfield code="a">M. L. P. D. C.</subfield>
      <subfield code="d">1574-1631</subfield>
    </datafield>
    <datafield tag="400" ind1="1" ind2=" ">
      <subfield code="a">Lorraine Conti, Louise Marguerite &#152;de&#156;</subfield>
      <subfield code="d">1574-1631</subfield>
    </datafield>
    <datafield tag="548" ind1=" " ind2=" ">
      <subfield code="a">1574-1631</subfield>
      <subfield code="4">datl</subfield>
      <subfield code="4">https://d-nb.info/standards/elementset/gnd#dateOfBirthAndDeath</subfield>
      <subfield code="w">r</subfield>
      <subfield code="i">Lebensdaten</subfield>
      <subfield code="9">v:abweichendes Geburtsdatum Europ. Stammtafeln: 1588</subfield>
    </datafield>
    <datafield tag="667" ind1=" " ind2=" ">
      <subfield code="a">12</subfield>
    </datafield>
    <datafield tag="670" ind1=" " ind2=" ">
      <subfield code="a">LCAuth; BN-Opale plus</subfield>
    </datafield>
    <datafield tag="672" ind1=" " ind2="0">
      <subfield code="a">Epithalame de tres-illustre Francois de Bourbon Prince de Conti. - 1605</subfield>
    </datafield>
    <datafield tag="672" ind1=" " ind2="0">
      <subfield code="a">Recueil des diverses pièces servant à l'histoire de Henry III. - 1660</subfield>
    </datafield>
    <datafield tag="678" ind1=" " ind2=" ">
      <subfield code="b">Prinzessin, verheiratet mit François de Bourbon, Prince de Conti; Franz. Schriftstellerin</subfield>
    </datafield>
    <datafield tag="913" ind1=" " ind2=" ">
      <subfield code="S">pnd</subfield>
      <subfield code="i">a</subfield>
      <subfield code="a">Conti, Louise-Marguerite de Lorraine /de</subfield>
      <subfield code="0">(DE-588a)131804561</subfield>
    </datafield>
  </record>
